<record><leader>00000cas a2200000 a 4500</leader><controlfield tag="001">12147223</controlfield><controlfield tag="008">850612d18551929miuwr ne      0    0eng c</controlfield><datafield ind1=" " ind2=" " tag="010"><subfield code="a">sn 85033649 </subfield></datafield><datafield ind1=" " ind2=" " tag="040"><subfield code="a">NPU</subfield><subfield code="b">eng</subfield><subfield code="c">NPU</subfield><subfield code="d">NPX</subfield><subfield code="d">MHN</subfield><subfield code="d">OCL</subfield><subfield code="d">OCLCQ</subfield><subfield code="d">OCLCF</subfield><subfield code="d">OCLCO</subfield></datafield><datafield ind1="1" ind2=" " tag="029"><subfield code="a">AU@</subfield><subfield code="b">000004333289</subfield></datafield><datafield ind1=" " ind2=" " tag="042"><subfield code="a">pcc</subfield></datafield><datafield ind1=" " ind2=" " tag="043"><subfield code="a">n-us-mi</subfield></datafield><datafield ind1=" " ind2="4" tag="050"><subfield code="a">F127.G19</subfield><subfield code="b">L5</subfield></datafield><datafield ind1="0" ind2=" " tag="130"><subfield code="a">Livingston Republican (Howell, Mich.)</subfield></datafield><datafield ind1="1" ind2="0" tag="245"><subfield code="a">Livingston Republican.</subfield></datafield><datafield ind1="3" ind2=" " tag="246"><subfield code="a">Livingston County Republican</subfield><subfield code="f">&lt;Jan. 1, 1885&gt;-Jan. 18, 1894</subfield></datafield><datafield ind1=" " ind2=" " tag="260"><subfield code="a">Howell, Mich. :</subfield><subfield code="b">Harmon Smith</subfield></datafield><datafield ind1=" " ind2=" " tag="300"><subfield code="a">v. ;</subfield><subfield code="c">56 cm.</subfield></datafield><datafield ind1=" " ind2=" " tag="310"><subfield code="a">Weekly</subfield></datafield><datafield ind1="1" ind2=" " tag="362"><subfield code="a">Began in May 1855.</subfield><subfield code="z">Cf. Gregory, W. Amer. newspapers.</subfield></datafield><datafield ind1="0" ind2=" " tag="362"><subfield code="a">-v. 72, no. 24 (July 31, 1929).</subfield></datafield><datafield ind1=" " ind2=" " tag="500"><subfield code="a">"County" appears above masthead ornament, Sept. 18, 1884-Jan. 18, 1894.</subfield></datafield><datafield ind1=" " ind2=" " tag="500"><subfield code="a">Editor: James Bowers, &lt;1863&gt;.</subfield></datafield><datafield ind1=" " ind2=" " tag="500"><subfield code="a">Publishers: George I. Sage, &lt;1873&gt;; J.D. Smith &amp; Co., &lt;1876&gt;.</subfield></datafield><datafield ind1=" " ind2=" " tag="500"><subfield code="a">"Republican," &lt;1876&gt;.</subfield></datafield><datafield ind1=" " ind2=" " tag="580"><subfield code="a">Merged with: Livingston County press (Howell, Mich : 1928), to form: Livingston County Republican press.</subfield></datafield><datafield ind1=" " ind2=" " tag="588"><subfield code="a">Description based on: Vol. 1, no. 14 (Aug. 3, 1855).</subfield></datafield><datafield ind1=" " ind2="0" tag="651"><subfield code="a">Howell (Mich.)</subfield><subfield code="v">Newspapers.</subfield></datafield><datafield ind1=" " ind2="0" tag="651"><subfield code="a">Livingston County (Mich.)</subfield><subfield code="v">Newspapers.</subfield></datafield><datafield ind1=" " ind2="7" tag="655"><subfield code="a">Newspapers.</subfield><subfield code="2">fast</subfield><subfield code="0">(OCoLC)fst01423814</subfield></datafield><datafield ind1=" " ind2="7" tag="651"><subfield code="a">Michigan</subfield><subfield code="z">Howell.</subfield><subfield code="2">fast</subfield><subfield code="0">(OCoLC)fst01212769</subfield></datafield><datafield ind1=" " ind2="7" tag="651"><subfield code="a">Michigan</subfield><subfield code="z">Livingston County.</subfield><subfield code="2">fast</subfield><subfield code="0">(OCoLC)fst01214801</subfield></datafield><datafield ind1=" " ind2=" " tag="752"><subfield code="a">United States</subfield><subfield code="b">Michigan</subfield><subfield code="c">Livingston</subfield><subfield code="d">Howell.</subfield></datafield><datafield ind1="1" ind2="7" tag="785"><subfield code="t">Livingston County press (Howell, Mich. : 1928)</subfield><subfield code="w">(DLC)sn 96077045</subfield><subfield code="w">(OCoLC)35396662</subfield></datafield><datafield ind1="1" ind2="7" tag="785"><subfield code="t">Livingston County Republican press</subfield><subfield code="w">(DLC)sn 96077046</subfield><subfield code="w">(OCoLC)35396690</subfield></datafield></record>